<?xml version="1.0" encoding="UTF-8" ?><marc:collection xmlns:marc="http://www.loc.gov/MARC21/slim" xmlns:xsi="http://www.w3.org/2001/XMLSchema-instance" xsi:schemaLocation="http://www.loc.gov/MARC21/slim http://www.loc.gov/standards/marcxml/schema/MARC21slim.xsd">
<marc:record><marc:leader>02471nam a2200361Ma 4500</marc:leader>
<marc:controlfield tag="001">b14013769</marc:controlfield>
<marc:controlfield tag="003">UaCaAUL</marc:controlfield><marc:controlfield tag="005">20071008082708.0</marc:controlfield><marc:controlfield tag="008">040325s1932    ua            000 0dara d</marc:controlfield><marc:datafield tag="035" ind1=" " ind2=" "><marc:subfield code="a">(OCoLC)123312639</marc:subfield></marc:datafield><marc:datafield tag="040" ind1=" " ind2=" "><marc:subfield code="a">UkDhU</marc:subfield><marc:subfield code="c">STF</marc:subfield></marc:datafield><marc:datafield tag="066" ind1=" " ind2=" "><marc:subfield code="c">(3</marc:subfield></marc:datafield><marc:datafield tag="090" ind1=" " ind2=" "><marc:subfield code="a">BP80.A22</marc:subfield><marc:subfield code="b">M3 1932</marc:subfield></marc:datafield><marc:datafield tag="100" ind1="0" ind2=" "><marc:subfield code="6">880-01</marc:subfield><marc:subfield code="a">Malik al-Muʻazẓạm ʻĪsá Sharaf al-Dīn al-Ayyūbī,</marc:subfield><marc:subfield code="c">Sultan of Syria,</marc:subfield><marc:subfield code="d">1180-1227.</marc:subfield></marc:datafield><marc:datafield tag="240" ind1="1" ind2="0"><marc:subfield code="6">880-02</marc:subfield><marc:subfield code="a">Radd ʻalá Abī Bakr al-Khatịb̄ al-Baghdādī.</marc:subfield></marc:datafield><marc:datafield tag="245" ind1="1" ind2="0"><marc:subfield code="6">880-03</marc:subfield><marc:subfield code="a">Kitāb al-radd ʻalá Abī Bakr al-Khatịb̄ al-Baghdādī :</marc:subfield><marc:subfield code="b">fīmā dhakara fī tārīkhihi fī tarjamat al-Imām Sirāj al-Ummah Abī Hạnīfah al-Nuʻmān ibn Thābit /</marc:subfield><marc:subfield code="c">lil-Sultạn̄ al-Malik al-Muʻazẓạm Abī al-Muzạffar ʻĪsá ibn al-Malik al-ʻĀdil Sayf al-Dīn Abī Bakr ibn Ayyūb al-Hạnafī. Wa-jaʻala mulhạqan lil-juzʼ al-thālith ʻashara min Tārīkh Baghdād li-wurūd tarjamat Abī Hạnīfah fīh.</marc:subfield></marc:datafield><marc:datafield tag="246" ind1="1" ind2="3"><marc:subfield code="6">880-04</marc:subfield><marc:subfield code="a">Sahm al-musịb̄ fī kabid al-Khatịb̄.</marc:subfield></marc:datafield><marc:datafield tag="250" ind1=" " ind2=" "><marc:subfield code="6">880-05</marc:subfield><marc:subfield code="a">al-Tạbʻah 1.</marc:subfield></marc:datafield><marc:datafield tag="260" ind1=" " ind2=" "><marc:subfield code="6">880-06</marc:subfield><marc:subfield code="a">[al-Qāhirah] :</marc:subfield><marc:subfield code="b">Matḅaʻat al-Saʻādah,</marc:subfield><marc:subfield code="c">1932.</marc:subfield></marc:datafield><marc:datafield tag="300" ind1=" " ind2=" "><marc:subfield code="a">184 p. ;</marc:subfield><marc:subfield code="c">24 cm.</marc:subfield></marc:datafield><marc:datafield tag="500" ind1=" " ind2=" "><marc:subfield code="a">Also known as: al-Sahm al-musịb̄ fī kabid al-Khatịb̄.</marc:subfield></marc:datafield><marc:datafield tag="600" ind1="0" ind2="0"><marc:subfield code="a">Abū Ḥanīfah,</marc:subfield><marc:subfield code="d">-767 or 768.</marc:subfield></marc:datafield><marc:datafield tag="600" ind1="1" ind2="0"><marc:subfield code="a">Khaṭīb al-Baghdādī, Abū Bakr Aḥmad ibn ʻAlī,</marc:subfield><marc:subfield code="d">1002-1071.</marc:subfield><marc:subfield code="t">Tārīkh Baghdād.</marc:subfield></marc:datafield><marc:datafield tag="880" ind1="0" ind2=" "><marc:subfield code="6">100-01/(3/r</marc:subfield><marc:subfield code="a">ملك معظم عيسى شرف الدين الأيوبي:‪</marc:subfield><marc:subfield code="c">سلطان دمشق:‪</marc:subfield><marc:subfield code="c">1180-1227.</marc:subfield></marc:datafield><marc:datafield tag="880" ind1="1" ind2="0"><marc:subfield code="6">240-02/(3/r</marc:subfield><marc:subfield code="a">رد على ابي بكر الخطيب البغدادي..</marc:subfield></marc:datafield><marc:datafield tag="880" ind1="1" ind2="0"><marc:subfield code="6">245-03/(3/r</marc:subfield><marc:subfield code="a">كتاب الرد على ابي بكر الخطيب البغدادي :‪</marc:subfield><marc:subfield code="b">فيما ذكر في تاريخه في ترجمة الامام سراج الأمة ابي حنيفة النعمان بن ثابت  /‪</marc:subfield><marc:subfield code="c">للسلطان الملك ابي المظفر عيسى ابن الملك العادل سيف الدين ابي بكر ايوب الحنفي. وجعل ملحقا للجزء الثالث عشر من تاريخ بغداد لورود ترجمة ابي حنيفة فيه...</marc:subfield></marc:datafield><marc:datafield tag="880" ind1="1" ind2="3"><marc:subfield code="6">246-04/(3/r</marc:subfield><marc:subfield code="a">سهم المصيب في كبد الخطيب..</marc:subfield></marc:datafield><marc:datafield tag="880" ind1=" " ind2=" "><marc:subfield code="6">250-05/(3/r</marc:subfield><marc:subfield code="a">الطبعة 1.</marc:subfield></marc:datafield><marc:datafield tag="880" ind1=" " ind2=" "><marc:subfield code="6">260-06/(3/r</marc:subfield><marc:subfield code="a">[القاهرة] :‪</marc:subfield><marc:subfield code="b">مطبعة السعادة:‪</marc:subfield><marc:subfield code="c">1932.</marc:subfield></marc:datafield><marc:datafield tag="907" ind1=" " ind2=" "><marc:subfield code="a">.b14013769</marc:subfield><marc:subfield code="b">main </marc:subfield></marc:datafield><marc:datafield tag="902" ind1=" " ind2=" "><marc:subfield code="a">171014</marc:subfield></marc:datafield><marc:datafield tag="998" ind1=" " ind2=" "><marc:subfield code="b">1</marc:subfield><marc:subfield code="c">071008</marc:subfield><marc:subfield code="d">m</marc:subfield><marc:subfield code="e">a</marc:subfield><marc:subfield code="f">-</marc:subfield><marc:subfield code="g">0</marc:subfield><marc:subfield code="k">AY</marc:subfield></marc:datafield><marc:datafield tag="945" ind1=" " ind2=" "><marc:subfield code="l">main </marc:subfield></marc:datafield></marc:record>
</marc:collection>
